@MISC{Mikex,
  title={Miktex},
  howpublished ={\url{http://www.miktex.org}},
}

@MISC{WinEdt,
  title={WinEdt},
  howpublished ={\url{http://www.winedt.com/}},
}

@MISC{Texnicenter,
  title={TeXnicenter},
  howpublished ={\url{http://www.toolscenter.org/?idcat=50}},
}


@MISC{listings,
  title={Package listings},
  howpublished = {\url{ftp://tug.ctan.org/pub/tex-archive/macros/latex/contrib/listings/listings.pdf}},
}

@article{greenwade93,
    author  = "George D. Greenwade",
    title   = "The {C}omprehensive {T}ex {A}rchive {N}etwork ({CTAN})",
    year    = "1993",
    journal = "TUGBoat",
    volume  = "14",
    number  = "3",
    pages   = "342--351"
}

@book{goossens93,
    author    = "Michel Goossens and Frank Mittelbach and Alexander Samarin",
    title     = "The LaTeX Companion",
    year      = "1993",
    publisher = "Addison-Wesley",
    address   = "Reading, Massachusetts"
}
